<record><leader>00000cas a22000007a 4500</leader><controlfield tag="001">23762774</controlfield><controlfield tag="007">hd bfa012baaa</controlfield><controlfield tag="008">910517d18841891maudn nea     0    0eng c</controlfield><datafield ind1=" " ind2=" " tag="010"><subfield code="a">sn 91026098 </subfield></datafield><datafield ind1=" " ind2=" " tag="040"><subfield code="a">HLS</subfield><subfield code="b">eng</subfield><subfield code="c">HLS</subfield><subfield code="d">HUL</subfield><subfield code="d">RQM</subfield><subfield code="d">OCLCQ</subfield><subfield code="d">OCLCF</subfield><subfield code="d">OCLCO</subfield><subfield code="d">OCLCQ</subfield></datafield><datafield ind1=" " ind2=" " tag="012"><subfield code="i">9105</subfield></datafield><datafield ind1=" " ind2=" " tag="042"><subfield code="a">pcc</subfield></datafield><datafield ind1=" " ind2=" " tag="043"><subfield code="a">n-us-ma</subfield></datafield><datafield ind1="0" ind2="4" tag="245"><subfield code="a">The Daily crimson.</subfield></datafield><datafield ind1="1" ind2="3" tag="246"><subfield code="a">Harvard herald</subfield></datafield><datafield ind1="1" ind2="3" tag="246"><subfield code="a">Crimson</subfield></datafield><datafield ind1=" " ind2=" " tag="260"><subfield code="a">Cambridge, Mass. :</subfield><subfield code="b">Students of Harvard University,</subfield><subfield code="c">1884-1891.</subfield></datafield><datafield ind1=" " ind2=" " tag="300"><subfield code="a">15 volumes ;</subfield><subfield code="c">37 cm</subfield></datafield><datafield ind1=" " ind2=" " tag="310"><subfield code="a">Daily (except Sundays) during the college year</subfield></datafield><datafield ind1=" " ind2=" " tag="336"><subfield code="a">text</subfield><subfield code="b">txt</subfield><subfield code="2">rdacontent</subfield></datafield><datafield ind1=" " ind2=" " tag="337"><subfield code="a">microform</subfield><subfield code="b">h</subfield><subfield code="2">rdamedia</subfield></datafield><datafield ind1=" " ind2=" " tag="338"><subfield code="a">microfilm reel</subfield><subfield code="b">hd</subfield><subfield code="2">rdacarrier</subfield></datafield><datafield ind1="0" ind2=" " tag="362"><subfield code="a">Vol. 5, no. 70 (May 8, 1884)-v. 20, no. 19 (Oct. 22, 1891).</subfield></datafield><datafield ind1=" " ind2=" " tag="500"><subfield code="a">Title from caption.</subfield></datafield><datafield ind1=" " ind2=" " tag="533"><subfield code="a">Microfilm.</subfield><subfield code="m">v.5:no. 70-v.20:no. 19 (May 1884-Oct. 1891)</subfield><subfield code="b">Cambridge, Mass. :</subfield><subfield code="c">Harvard University Library Microreprographic Service,</subfield><subfield code="d">1967-1993.</subfield><subfield code="e">5 microfilm reels ; 35 mm.</subfield></datafield><datafield ind1="2" ind2="0" tag="610"><subfield code="a">Harvard University</subfield><subfield code="v">Periodicals.</subfield></datafield><datafield ind1="2" ind2="7" tag="610"><subfield code="a">Harvard University.</subfield><subfield code="2">fast</subfield><subfield code="0">(OCoLC)fst00528983</subfield></datafield><datafield ind1=" " ind2="7" tag="655"><subfield code="a">Periodicals.</subfield><subfield code="2">fast</subfield><subfield code="0">(OCoLC)fst01411641</subfield></datafield><datafield ind1=" " ind2=" " tag="752"><subfield code="a">United States</subfield><subfield code="b">Massachusetts</subfield><subfield code="d">Cambridge.</subfield></datafield><datafield ind1="0" ind2="0" tag="780"><subfield code="t">Herald-crimson</subfield><subfield code="w">(DLC)sn 91026093</subfield><subfield code="w">(OCoLC)23761585</subfield></datafield><datafield ind1="0" ind2="0" tag="785"><subfield code="t">Harvard crimson</subfield><subfield code="w">(DLC)sn 91025929</subfield></datafield><datafield ind1=" " ind2=" " tag="850"><subfield code="a">MH</subfield><subfield code="a">MH (master)</subfield></datafield><datafield ind1="1" ind2=" " tag="029"><subfield code="a">AU@</subfield><subfield code="b">000025875933</subfield></datafield></record>